@misc{starkweather2011multinomial,
  title={Multinomial logistic regression},
  author={Starkweather, Jon and Moske, Amanda Kay},
  year={2011}
}